date, symbol, reportedCurrency, cik, fillingDate, acceptedDate, calendarYear, period, revenue, costOfRevenue, grossProfit, grossProfitRatio, researchAndDevelopmentExpenses, generalAndAdministrativeExpenses, sellingAndMarketingExpenses, sellingGeneralAndAdministrativeExpenses, otherExpenses, operatingExpenses, costAndExpenses, interestIncome, interestExpense, depreciationAndAmortization, ebitda, ebitdaratio, operatingIncome, operatingIncomeRatio, totalOtherIncomeExpensesNet, incomeBeforeTax, incomeBeforeTaxRatio, incomeTaxExpense, netIncome, netIncomeRatio, eps, epsdiluted, weightedAverageShsOut, weightedAverageShsOutDil, link, finalLink, lastRetainedEarnings, stockRepurchases, dividendsPaid, otherDistributions, retainedEarnings, grossPPE, annualDepreciation, capitalExpenditure, netPPE, lastGoodwill, acquisitionsAndAdjustments, goodwill
"2024-03-31","9984.T","JPY","0000000000","2024-03-31","2024-03-29 20:00:00","2023","FY","6756500000000","3214108000000","3542392000000","0.5242939392","439971000000","2982383000000","0","2982383000000","-439971000000","2982383000000","6196491000000","0","556004000000","858620000000","1472425000000","0.2179271812","560009000000","0.0828844816","-502208000000","57801000000","0.0085548731","-151416000000","231077000000","-0.0336928883","-170.99","-170.99","1464957496","1464957000","","","491609000000","-277760000000","-721000000","640676000000","1410766000000","2639357000000","216748000000","-169859000000","2592468000000","5601576000000","-182075000000","5419501000000",
"2023-03-31","9984.T","JPY","0000000000","2023-03-31","2023-03-30 20:00:00","2022","FY","6570439000000","3242397000000","3328042000000","0.5065174488","319484000000","2695328000000","0","2695328000000","-24138000000","2695328000000","5937725000000","555902000000","555902000000","893488000000","1526202000000","0.2322831092","632714000000","0.0962970663","-1101841000000","-469127000000","-0.0713996432","320674000000","-970144000000","-0.1476528433","-628.95","-628.95","1542474000","1542474000","","",
"2022-03-31","9984.T","JPY","0000000000","2022-03-31","2022-03-30 20:00:00","2021","FY","6221534000000","2955960000000","3265574000000","0.5248824486","200682000000","2551722000000","0","2551722000000","391184000000","2551722000000","5507682000000","382512000000","382512000000","852424000000","-47752000000","-0.0076752775","713852000000","0.1147389052","-1583414000000","-869562000000","-0.1397664949","592637000000","-1708029000000","-0.2745350262","-999.44","-999.44","1708989000","1708989000","","",
"2021-03-31","9984.T","JPY","0000000000","2021-03-31","2021-03-30 20:00:00","2020","FY","5628167000000","2753238000000","2874929000000","0.510810891","178129000000","2271497000000","0","2271497000000","-44496000000","2271497000000","5024735000000","307250000000","307250000000","846932000000","6208206000000","1.1030600194","603432000000","0.1072164348","5067024000000","5670456000000","1.007513814","1303168000000","4987962000000","0.8862498217","2619.61","2437.29","1892538000","1897923000","","",
